@article{ferguson73,
author = "Ferguson, Thomas S.",
doi = "10.1214/aos/1176342360",
fjournal = "The Annals of Statistics",
journal = "Ann. Statist.",
month = "03",
number = "2",
pages = "209--230",
publisher = "The Institute of Mathematical Statistics",
title = "A Bayesian Analysis of Some Nonparametric Problems",
url = "http://dx.doi.org/10.1214/aos/1176342360",
volume = "1",
year = "1973"
}

@book{ywt07,
  title={Dirichlet Processes: Tutorial and Practical Course},
  author={Yee Whye Teh},
  year={2007},
  publisher={Machine Learning Summer School}
  }

@book{Bishop,
  title={Pattern recognition and machine learning},
  author={Bishop, Christopher M},
  volume={1},
  year={2006},
  publisher={springer}
}

@book{Murphy,
 author = {Murphy, Kevin P.},
 title = {Machine Learning: A Probabilistic Perspective},
 year = {2012},
 isbn = {0262018020, 9780262018029},
 publisher = {The MIT Press},
} 

@article{lloyd1982, 
  author ={Lloyd, S.}, 
  journal={Information Theory, IEEE Transactions on}, 
  title={Least squares quantization in PCM}, 
  year={1982}, 
  volume={28}, 
  number={2}, 
  pages={129-137}, 
  keywords={Least-squares approximation;PCM communication;Quantization (signal);Signal quantization;Amplitude modulation;Frequency;Helium;Laplace equations;Least squares methods;Phase change materials;Pulse modulation;Quantization;Sampling methods;Voltage}, 
  doi={10.1109/TIT.1982.1056489}, 
  ISSN={0018-9448}, 
  month={Mar}
}

@Book{LaTeXBook,
  author = 	 {Leslie Lamport},
  ALTeditor = 	 {},
  title = 	 {LATEX: a Document Preparation System},
  publisher = 	 {Addison-Wesley},
  year = 	 {1994},
  OPTkey = 	 {},
  OPTvolume = 	 {},
  OPTnumber = 	 {},
  OPTseries = 	 {},
  OPTaddress = 	 {},
  OPTedition = 	 {},
  OPTmonth = 	 {},
  OPTnote = 	 {},
  OPTannote = 	 {}
}

@Book{TeXBook,
  author = 	 {Donald Knuth},
  ALTeditor = 	 {},
  title = 	 {The TeXbook},
  publisher = 	 {Addison-Wesley},
  year = 	 {1984},
  OPTkey = 	 {},
  OPTvolume = 	 {},
  OPTnumber = 	 {},
  OPTseries = 	 {},
  OPTaddress = 	 {},
  OPTedition = 	 {},
  OPTmonth = 	 {},
  OPTnote = 	 {},
  OPTannote = 	 {}
}

@article{cleavebias,
  title={Is There Selection Bias in Laboratory Experiments?},
  author={Cleave, Blair L and Nikiforakis, Nikos and Slonim, Robert},
  year={2010},
  publisher={Discipline of Economics}
}

@article{kleincutcell,
  title={Well-balanced compressible cut-cell simulation of atmospheric flow},
  author={Klein, R and Bates, KR and Nikiforakis, N},
  journal={Philosophical Transactions of the Royal Society A: Mathematical, Physical and Engineering Sciences},
  volume={367},
  number={1907},
  pages={4559--4575},
  year={2009},
  publisher={The Royal Society}
}